@INPROCEEDINGS{Evaluation_of_Effectiveness_of_MAC_Systems_Based_on_LSM_for_Protecting_IoT_Devices,
	author={Miki, Masato and Yamauchi, Toshihiro and Kobayashi, Satoru},
	booktitle={2023 Eleventh International Symposium on Computing and Networking (CANDAR)}, 
	title={Evaluation of Effectiveness of MAC Systems Based on LSM for Protecting IoT Devices}, 
	year={2023},
	volume={},
	number={},
	pages={161-167},
	keywords={Access control;File systems;Supply chains;Computer architecture;Malware;Internet of Things;Kernel;Mandatory Access Control System;IoT Security;Linux Security Modules},
	doi={10.1109/CANDAR60563.2023.00029}}

@Article{From_Conventional_to_State-of-the-Art_IoT_Access_Control_Models,
	AUTHOR = {Malik, Ahmad Kamran and Emmanuel, Naina and Zafar, Sidra and Khattak, Hasan Ali and Raza, Basit and Khan, Sarmadullah and Al-Bayatti, Ali H. and Alassafi, Madini O. and Alfakeeh, Ahmed S. and Alqarni, Mohammad A.},
	TITLE = {From Conventional to State-of-the-Art IoT Access Control Models},
	JOURNAL = {Electronics},
	VOLUME = {9},
	YEAR = {2020},
	NUMBER = {10},
	ARTICLE-NUMBER = {1693},
	URL = {https://www.mdpi.com/2079-9292/9/10/1693},
	ISSN = {2079-9292},
	DOI = {10.3390/electronics9101693}
}



@INPROCEEDINGS{eBPF_Pioneering_Kernel_Programmability_and_System_Observability-Past_Present_and_Future_Insights,
	author={Song, Lei and Li, Jiaxin},
	booktitle={2024 3rd International Conference on Artificial Intelligence and Computer Information Technology (AICIT)}, 
	title={eBPF: Pioneering Kernel Programmability and System Observability - Past, Present, and Future Insights}, 
	year={2024},
	volume={},
	number={},
	pages={1-10},
	keywords={Technological innovation;Reviews;Source coding;Security management;Linux;Programming;Kernel;Observability;Information technology;Optimization;eBPF;linux;programmability;kernel extensions;linux kernel networking},
	doi={10.1109/AICIT62434.2024.10730620}}

@inproceedings{Enforcing_Multiple_Security_Policies_for_Android_System,
	author = {Guo, Tao and Zhang, Puhan and Liang, Hongliang and Shao, Shuai},
	year = {2013},
	month = {04},
	pages = {},
	title = {Enforcing Multiple Security Policies for Android System},
	isbn = {978-90786-77-91-8},
	doi = {10.2991/3ca-13.2013.42}
}

@article{Effectiveness_of_MAC_Systems_based_on_LSM_and_their_Security_Policy_Configuration_for_Protecting_IoT_Devices,
	title={Effectiveness of MAC Systems based on LSM and their Security Policy Configuration for Protecting IoT Devices},
	author={Masato Miki and Toshihiro Yamauchi and Satoru Kobayashi},
	journal={J. Internet Serv. Inf. Secur.},
	year={2024},
	volume={14},
	pages={293-315},
	url={https://api.semanticscholar.org/CorpusID:272633061}
}

@inproceedings{Hardening_the_Internet_of_Things,
	author = {Bessler, Manuel and Sangster, Paul and Upadrashta, Radhika and OConnor, TJ},
	title = {Hardening the Internet of Things: Toward Designing Access Control For Resource Constrained IoT Devices},
	year = {2024},
	isbn = {9798400709579},
	publisher = {Association for Computing Machinery},
	address = {New York, NY, USA},
	url = {https://doi.org/10.1145/3675741.3675744},
	doi = {10.1145/3675741.3675744},
	booktitle = {Proceedings of the 17th Cyber Security Experimentation and Test Workshop},
	pages = {1–7},
	numpages = {7},
	keywords = {Access Control Policies, CaitSith, Embedded Device Security, Internet-of-Things Security, Linux Security Module, TOMOYO},
	location = {Philadelphia, PA, USA},
	series = {CSET '24}
}

@INPROCEEDINGS{Real_time_Mandatory_Access_Control_on_SELinux_for_Internet_of_Things,
	author={Ko, Jae-Yong and Lee, Sang-Gil and Lee, Cheol-Hoon},
	booktitle={2019 IEEE International Conference on Consumer Electronics (ICCE)}, 
	title={Real-time Mandatory Access Control on SELinux for Internet of Things}, 
	year={2019},
	volume={},
	number={},
	pages={1-6},
	keywords={Real-time systems;Access control;Linux;Kernel;Instruction sets;Servers},
	doi={10.1109/ICCE.2019.8662112}}


@inproceedings{SELinux_for_consumer_electronics_devices,
	title={SELinux for consumer electronics devices},
	author={Nakamura, Yuichi and Sameshima, Yoshiki},
	booktitle={2008 Linux Symposium},
	pages={125--134},
	year={2008}
}


@article{Reducing_Resource_Consumption_of_SELinux_for_Embedded_Systems,
	author = {Nakamura, Yuichi and Sameshima, Yoshiki and Yamauchi, Toshihiro},
	year = {2015},
	month = {09},
	pages = {664-672},
	title = {Reducing Resource Consumption of SELinux for Embedded Systems with Contributions to Open-Source Ecosystems},
	volume = {23},
	journal = {Journal of Information Processing},
	doi = {10.2197/ipsjjip.23.664}
}

@inproceedings{Understanding_Performance_of_eBPF_Maps,
	author = {Liu, Chang and Tak, Byungchul and Wang, Long},
	title = {Understanding Performance of eBPF Maps},
	year = {2024},
	isbn = {9798400707124},
	publisher = {Association for Computing Machinery},
	address = {New York, NY, USA},
	url = {https://doi.org/10.1145/3672197.3673430},
	doi = {10.1145/3672197.3673430},
	booktitle = {Proceedings of the ACM SIGCOMM 2024 Workshop on EBPF and Kernel Extensions},
	pages = {9–15},
	numpages = {7},
	keywords = {eBPF, eBPF map, performance benchmark},
	location = {Sydney, NSW, Australia},
	series = {eBPF '24}
}


@article{Access_control_in_Internet-of-Things,
	title = {Access control in Internet-of-Things: A survey},
	journal = {Journal of Network and Computer Applications},
	volume = {144},
	pages = {79-101},
	year = {2019},
	issn = {1084-8045},
	doi = {https://doi.org/10.1016/j.jnca.2019.06.017},
	url = {https://www.sciencedirect.com/science/article/pii/S108480451930222X},
	author = {Sowmya Ravidas and Alexios Lekidis and Federica Paci and Nicola Zannone},
	keywords = {IoT, Access control, Literature study}
}

@misc{bpf_core,
	title = {BPF CO-RE},
	author = {{eBPF Documentation}},
	year = {2024},
	url = {https://docs.ebpf.io/concepts/core/},
	note = {Accessed: April 10, 2025}
}

@misc{lsm_bpf,
	title = {LSM BPF Programs},
	author = {{The Linux Kernel Documentation}},
	year = {2024},
	url = {https://docs.kernel.org/bpf/prog\_lsm.html},
	note = {Accessed: April 10, 2025}
}

@misc{libbpf_overview,
	title = {libbpf Overview},
	author = {{The Linux Kernel Documentation}},
	year = {2024},
	url = {https://docs.kernel.org/bpf/libbpf/libbpf\_overview.html},
	note = {Accessed: April 10, 2025}
}




@inproceedings{rotondi2012managing,
	title={Managing access control for things: a capability based approach.},
	author={Rotondi, Domenico and Piccione, Salvatore},
	booktitle={BodyNets},
	pages={263--268},
	year={2012}
}

@misc{lsm_doc,
	title = {Linux Security Modules: General Security Hooks for Linux},
	author = {Stephen Smalley and Timothy Fraser and Chris Vance},
	year = {2024},
	url = {https://docs.kernel.org/security/lsm.html},
	note = {Accessed: April 10, 2025}
}


@misc{luzhihao2021ebpf,
	author       = {Luzhihao},
	title        = {{eBPF architecture}},
	year         = {2021},
	url          = {https://www.openeuler.org/en/blog/MrRlu/2021-01-04-openEuler-eBPF-introduce.html},
	note         = {Accessed: April 10, 2025}
}

@misc{iovisor_bcc,
	author       = {{IOVisor Project}},
	title        = {{BCC - Tools for BPF-based Linux IO analysis, networking, monitoring, and more}},
	year         = {2025},
	url          = {https://github.com/iovisor/bcc},
	note         = {Accessed: April 10, 2025}
}

@misc{perfwiki,
	author       = {{Linux perf wiki}},
	title        = {{perf: Linux profiling with performance counters}},
	year         = {2025},
	url          = {https://perfwiki.github.io/main/},
	note         = {Accessed: April 10, 2025}
}

@misc{gregg_perf,
	author       = {Brendan Gregg},
	title        = {Linux perf Examples},
	year         = {2025},
	url          = {https://www.brendangregg.com/perf.html},
	note         = {Accessed: April 10, 2025}
}

@online{lsm_hooks_ref,
	author       = {{Linux Kernel Project}},
	title        = {Linux Security Module (LSM) Hooks — lsm\_hooks.h},
	year         = {2023},
	url          = {https://elixir.bootlin.com/linux/v6.2/source/include/linux/lsm\_hooks.h},
	note         = {Accessed: 2024-04-10},
	organization = {Bootlin Elixir Cross Referencer}
}


@inproceedings{hossain2015towards,
	title={Towards an analysis of security issues, challenges, and open problems in the internet of things},
	author={Hossain, Md Mahmud and Fotouhi, Maziar and Hasan, Ragib},
	booktitle={2015 ieee world congress on services},
	pages={21--28},
	year={2015},
	organization={IEEE}
}

@inproceedings {272224,
	author = {Omar Alrawi and Charles Lever and Kevin Valakuzhy and Ryan Court and Kevin Snow and Fabian Monrose and Manos Antonakakis},
	title = {The Circle Of Life: A {Large-Scale} Study of The {IoT} Malware Lifecycle},
	booktitle = {30th USENIX Security Symposium (USENIX Security 21)},
	year = {2021},
	isbn = {978-1-939133-24-3},
	pages = {3505--3522},
	url = {https://www.usenix.org/conference/usenixsecurity21/presentation/alrawi-circle},
	publisher = {USENIX Association},
	month = aug
}